% References performance
% IaaS
@article{potdar2020performance,
	title={Performance evaluation of docker container and virtual machine},
	author={Potdar, Amit M and Narayan, DG and Kengond, Shivaraj and Mulla, Mohammed Moin},
	journal={Procedia Computer Science},
	volume={171},
	pages={1419--1428},
	year={2020},
	publisher={Elsevier}
}
@article{seo2014performance,
	title={Performance comparison analysis of linux container and virtual machine for building cloud},
	author={Seo, Kyoung-Taek and Hwang, Hyun-Seo and Moon, Il-Young and Kwon, Oh-Young and Kim, Byeong-Jun},
	journal={Advanced Science and Technology Letters},
	volume={66},
	number={105-111},
	pages={2},
	year={2014}
}
@inproceedings{felter2015updated,
	title={An updated performance comparison of virtual machines and linux containers},
	author={Felter, Wes and Ferreira, Alexandre and Rajamony, Ram and Rubio, Juan},
	booktitle={2015 IEEE international symposium on performance analysis of systems and software (ISPASS)},
	pages={171--172},
	year={2015},
	organization={IEEE}
}

% PaaS
@inproceedings{huang2012performance,
	title={Performance evaluation of virtualization technologies for Windows programs running on linux operating system},
	author={Huang, Conghui and Chen, Jing and Zhang, Li and Luo, Qiao},
	booktitle={International Conference on Network Computing and Information Security},
	pages={759--766},
	year={2012},
	organization={Springer}
}
@inproceedings{boras2020performance,
	title={Performance evaluation of Linux operating systems},
	author={Boras, Marko and Balen, Josip and Vdovjak, Kresimir},
	booktitle={2020 International Conference on Smart Systems and Technologies (SST)},
	pages={115--120},
	year={2020},
	organization={IEEE}
}
@inproceedings{sergeev2022docker,
	title={Docker Container Performance Comparison on Windows and Linux Operating Systems},
	author={Sergeev, Anatoliy and Rezedinova, Evgenia and Khakhina, Anna},
	booktitle={2022 International Conference on Communications, Information, Electronic and Energy Systems (CIEES)},
	pages={1--4},
	year={2022},
	organization={IEEE}
}
@article{balen2020performance,
title={Performance evaluation of windows virtual machines on a Linux host},
author={Balen, Josip and Vdovjak, Kre{\v{s}}imir and Martinovi{\'c}, Goran},
journal={Automatika: {\v{c}}asopis za automatiku, mjerenje, elektroniku, ra{\v{c}}unarstvo i komunikacije},
volume={61},
number={3},
pages={425--435},
year={2020},
publisher={KoREMA-Hrvatsko dru{\v{s}}tvo za komunikacije, ra{\v{c}}unarstvo, elektroniku, mjerenja~â€¦}
}
@article{sulaiman2021comparison,
	title={Comparison of operating system performance between Windows 10 and Linux Mint},
	author={Sulaiman, Noor Suhana and Raffi, Ahmad Shafiq Hilmi Ahmad},
	journal={International Journal of Synergy in Engineering and Technology},
	volume={2},
	number={1},
	pages={92--102},
	year={2021}
}

% Scalability
@article{vaquero2011dynamically,
	title={Dynamically scaling applications in the cloud},
	author={Vaquero, Luis M and Rodero-Merino, Luis and Buyya, Rajkumar},
	journal={ACM SIGCOMM Computer Communication Review},
	volume={41},
	number={1},
	pages={45--52},
	year={2011},
	publisher={ACM New York, NY, USA}
}


